@online{java13,
      author = "Oracle",
      title = "Java {SDK}",
      url = "www.oracle.com",
      year = "2013",
      note = "\LicenseGplTwoCE~\TheLicense"
} 

@online{groovy13,
      author = "Groovy",
      title = "Groovy",
      url = "http://groovy.codehaus.org/",
      year = "2013",
      note = "\LicenseApacheTwo~\TheLicense"
} 

@online{slf4j13,
      author = "Slf4j",
      title = "Slf4j",
      url = "http://www.slf4j.org/",
      year = "2013",
      note = "\LicenseMIT~\TheLicense"
} 

@online{log4j13,
      author = "Apache",
      title = "Log4j",
      url = "http://logging.apache.org/log4j/",
      year = "2013",
      note = "\LicenseApacheTwo~\TheLicense"
} 

@online{logback13,
      author = "Logback",
      title = "Logback",
      url = "http://logback.qos.ch/",
      year = "2013",
      note = "\LicenseLgplTwo~\TheLicense"
} 

@online{commons13,
      author = "Apache",
      title = "Commons",
      url = "http://commons.apache.org/",
      year = "2013",
      note = "\LicenseApacheTwo~\TheLicense"
} 

@online{resources13,
      author = "Erwin Mueller",
      title = "Resources",
      url = "https://www.anr-institute.com/projects/projects/resources",
      year = "2013",
      note = "\LicenseLgplThree~\TheLicense"
} 

@online{args4j13,
      author = "Kohsuke",
      title = "Args4j",
      url = "http://args4j.kohsuke.org/",
      year = "2013",
      note = "\LicenseMIT~\TheLicense"
} 

@online{future13,
      author = "Oracle",
      title = "java.util.concurrent.{Future}",
      url = "http://docs.oracle.com/javase/7/docs/api/java/util/concurrent/Future.html",
      year = "2013"
} 

@online{ioexception13,
      author = "Oracle",
      title = "java.io.{IOException}",
      url = "http://docs.oracle.com/javase/7/docs/api/java/io/IOException.html",
      year = "2013"
} 

@online{filenotfoundexception13,
      author = "Oracle",
      title = "java.io.{FileNotFoundException}",
      url = "http://docs.oracle.com/javase/7/docs/api/java/io/FileNotFoundException.html",
      year = "2013"
} 

@online{file13,
      author = "Oracle",
      title = "java.io.{File}",
      url = "http://docs.oracle.com/javase/7/docs/api/java/io/File.html",
      year = "2013"
} 
