@online{chmod13,
      author = "GNU",
      title = "chmod {Invocation}",
      url = "http://www.gnu.org/software/coreutils/manual/html_node/chmod-invocation.html#chmod-invocation",
      year = "2013"
} 

